%data 
@misc{cicevse2024,
	author       = {E. D. Buedi and A. A. Ghorbani and S. Dadkhah and R. Ferreira},
	title        = {{Enhancing EV Charging Station Security Using A Multi-dimensional Dataset: CICEVSE2024}},
	year         = {2024},
	note         = {Dataset submitted to ESORICS 2024 Conference. Available at: \url{https://www.unb.ca/cic/datasets/evse-dataset-2024.html}},
	howpublished = {\url{https://www.unb.ca/cic/datasets/evse-dataset-2024.html}}
}

% Reviews

@article{effendi2025,
	author = {Effendi, Rena},
	title = {Enchanted Soudah: Nature in the Clouds},
	journal = {National Geographic},
	year = {2025},
	url = {https://on.natgeo.com/3W4R5QP},
	note = {Accessed: 2025-01-07}
}


@article{sarhani2023initialization,
	title={Initialization of metaheuristics: comprehensive review, critical analysis, and research directions},
	author={Sarhani, Malek and Vo{\ss}, Stefan and Jovanovic, Raka},
	journal={International Transactions in Operational Research},
	volume={30},
	number={6},
	pages={3361--3397},
	year={2023},
	publisher={Wiley Online Library}
}

@article{alorf2023survey,
	title={A survey of recently developed metaheuristics and their comparative analysis},
	author={Alorf, Abdulaziz},
	journal={Engineering Applications of Artificial Intelligence},
	volume={117},
	pages={105622},
	year={2023},
	publisher={Elsevier}
}

@article{velasco2024literature,
	title={A literature review and critical analysis of metaheuristics recently developed},
	author={Velasco, Luis and Guerrero, Hector and Hospitaler, Antonio},
	journal={Archives of Computational Methods in Engineering},
	volume={31},
	number={1},
	pages={125--146},
	year={2024},
	publisher={Springer}
}

@inproceedings{ponomareva2023problem,
	title={The Problem of Premature Convergence in Engineering Optimization Problems},
	author={Ponomareva, KA and Rozhnov, IP and Kazakovtsev, LA},
	booktitle={International Conference on Mathematical Modeling in Physical Sciences},
	pages={267--271},
	year={2023},
	organization={Springer}
}

@article{sani2022privacy,
	title={Privacy preserving machine learning for electric vehicles: A survey},
	author={Sani, Abdul Rahman and Hassan, Muneeb Ul and Chen, Jinjun},
	journal={arXiv preprint arXiv:2205.08462},
	year={2022}
}

@article{makhmudov2025online,
	title={Online Machine Learning for Intrusion Detection in Electric Vehicle Charging Systems},
	author={Makhmudov, Fazliddin and Kilichev, Dusmurod and Giyosov, Ulugbek and Akhmedov, Farkhod},
	journal={Mathematics},
	volume={13},
	number={5},
	pages={712},
	year={2025},
	publisher={MDPI}
}

@article{rai2025securing,
	title={Securing the CAN bus using deep learning for intrusion detection in vehicles},
	author={Rai, Ritu and Grover, Jyoti and Sharma, Prinkle and Pareek, Ayush},
	journal={Scientific Reports},
	volume={15},
	number={1},
	pages={13820},
	year={2025},
	publisher={Nature Publishing Group UK London}
}

@article{almadhor2025transfer,
	title={Transfer learning for securing electric vehicle charging infrastructure from cyber-physical attacks},
	author={Almadhor, Ahmad and Alsubai, Shtwai and Bouazzi, Imen and Karovic, Vincent and Davidekova, Monika and Al Hejaili, Abdullah and Sampedro, Gabriel Avelino},
	journal={Scientific Reports},
	volume={15},
	number={1},
	pages={9331},
	year={2025},
	publisher={Nature Publishing Group UK London}
}



@article{lipu2023artificial,
	title={Artificial intelligence approaches for advanced battery management system in electric vehicle applications: A statistical analysis towards future research opportunities},
	author={Lipu, MS Hossain and Miah, Md Sazal and Jamal, Taskin and Rahman, Tuhibur and Ansari, Shaheer and Rahman, Md Siddikur and Ashique, Ratil H and Shihavuddin, ASM and Shakib, Mohammed Nazmus},
	journal={Vehicles},
	volume={6},
	number={1},
	pages={22--70},
	year={2023},
	publisher={MDPI}
}

@inproceedings{mohamed2023artificial,
	title={Artificial intelligence (AI) and machine learning (ML)-based Information security in electric vehicles: A review},
	author={Mohamed, Nachaat and Almazrouei, Saif Khameis and Oubelaid, Adel and Bajaj, Mohit and Jurado, Francisco and Kamel, Salah},
	booktitle={2023 5th Global Power, Energy and Communication Conference (GPECOM)},
	pages={108--113},
	year={2023},
	organization={IEEE}
}

@article{bari2023intrusion,
	title={Intrusion detection in vehicle controller area network (can) bus using machine learning: A comparative performance study},
	author={Bari, Bifta Sama and Yelamarthi, Kumar and Ghafoor, Sheikh},
	journal={Sensors},
	volume={23},
	number={7},
	pages={3610},
	year={2023},
	publisher={MDPI}
}

@article{rai2025securing,
	title={Securing the CAN bus using deep learning for intrusion detection in vehicles},
	author={Rai, Ritu and Grover, Jyoti and Sharma, Prinkle and Pareek, Ayush},
	journal={Scientific Reports},
	volume={15},
	number={1},
	pages={13820},
	year={2025},
	publisher={Nature Publishing Group UK London}
}

@article{bari2023intrusion,
	title={Intrusion detection in vehicle controller area network (can) bus using machine learning: A comparative performance study},
	author={Bari, Bifta Sama and Yelamarthi, Kumar and Ghafoor, Sheikh},
	journal={Sensors},
	volume={23},
	number={7},
	pages={3610},
	year={2023},
	publisher={MDPI}
}

@article{aloraini2024adversarial,
	title={Adversarial attacks on intrusion detection systems in in-vehicle networks of connected and autonomous vehicles},
	author={Aloraini, Fatimah and Javed, Amir and Rana, Omer},
	journal={Sensors},
	volume={24},
	number={12},
	pages={3848},
	year={2024},
	publisher={MDPI}
}

@inproceedings{buedi2024enhancing,
	title={Enhancing ev charging station security using a multi-dimensional dataset: Cicevse2024},
	author={Buedi, Emmanuel Dana and Ghorbani, Ali A and Dadkhah, Sajjad and Ferreira, Raphael Lionel},
	booktitle={IFIP Annual Conference on Data and Applications Security and Privacy},
	pages={171--190},
	year={2024},
	organization={Springer}
}

@article{makhmudov2025online,
	title={Online Machine Learning for Intrusion Detection in Electric Vehicle Charging Systems},
	author={Makhmudov, Fazliddin and Kilichev, Dusmurod and Giyosov, Ulugbek and Akhmedov, Farkhod},
	journal={Mathematics},
	volume={13},
	number={5},
	pages={712},
	year={2025},
	publisher={MDPI}
}

@article{makhmudov2025online,
	title={Online Machine Learning for Intrusion Detection in Electric Vehicle Charging Systems},
	author={Makhmudov, Fazliddin and Kilichev, Dusmurod and Giyosov, Ulugbek and Akhmedov, Farkhod},
	journal={Mathematics},
	volume={13},
	number={5},
	pages={712},
	year={2025},
	publisher={MDPI}
}

@inproceedings{buedi2024enhancing,
	title={Enhancing ev charging station security using a multi-dimensional dataset: Cicevse2024},
	author={Buedi, Emmanuel Dana and Ghorbani, Ali A and Dadkhah, Sajjad and Ferreira, Raphael Lionel},
	booktitle={IFIP Annual Conference on Data and Applications Security and Privacy},
	pages={171--190},
	year={2024},
	organization={Springer}
}

@article{lipu2023artificial,
	title={Artificial intelligence approaches for advanced battery management system in electric vehicle applications: A statistical analysis towards future research opportunities},
	author={Lipu, MS Hossain and Miah, Md Sazal and Jamal, Taskin and Rahman, Tuhibur and Ansari, Shaheer and Rahman, Md Siddikur and Ashique, Ratil H and Shihavuddin, ASM and Shakib, Mohammed Nazmus},
	journal={Vehicles},
	volume={6},
	number={1},
	pages={22--70},
	year={2023},
	publisher={MDPI}
}

@article{javed2014adversarial,
	title={Adversarial attacks on intrusion detection systems in in-vehicle networks of connected and autonomous vehicles},
	author={Javed, A and Rana, O and Aloraini, F},
	journal={Sensors},
	volume={24},
	pages={12},
	year={2014}
}

@article{kohler2022brokenwire,
	title={Brokenwire: Wireless disruption of ccs electric vehicle charging},
	author={K{\"o}hler, Sebastian and Baker, Richard and Strohmeier, Martin and Martinovic, Ivan},
	journal={arXiv preprint arXiv:2202.02104},
	year={2022}
}


@article{johnson2022review,
	title={Review of electric vehicle charger cybersecurity vulnerabilities, potential impacts, and defenses},
	author={Johnson, Jay and Berg, Timothy and Anderson, Benjamin and Wright, Brian},
	journal={Energies},
	volume={15},
	number={11},
	pages={3931},
	year={2022},
	publisher={Multidisciplinary Digital Publishing Institute}
}



@article{mousaei2024advancing,
	title={Advancing state of charge management in electric vehicles with machine learning: A technological review},
	author={Mousaei, Arash and Naderi, Yahya and Bayram, I Safak},
	journal={IEEE Access},
	volume={12},
	pages={43255--43283},
	year={2024},
	publisher={IEEE}
}

@article{mazhar2023electric,
	title={Electric vehicle charging system in the smart grid using different machine learning methods},
	author={Mazhar, Tehseen and Asif, Rizwana Naz and Malik, Muhammad Amir and Nadeem, Muhammad Asgher and Haq, Inayatul and Iqbal, Muhammad and Kamran, Muhammad and Ashraf, Shahzad},
	journal={Sustainability},
	volume={15},
	number={3},
	pages={2603},
	year={2023},
	publisher={MDPI}
}

@article{khan2023blockchain,
	title={Blockchain-Integrated Security for real-time patient monitoring in the Internet of Medical Things using Federated Learning},
	author={Khan, Mohammad Faisal and Abaoud, Mohammad},
	journal={IEEE Access},
	volume={11},
	pages={117826--117850},
	year={2023},
	publisher={IEEE}
}

%-------------------------------------------------------





@article{buedi2024enhancing,
	title={Enhancing EV Charging Station Security Using A Multi-dimensional Dataset: CICEVSE2024},
	author={Buedi, Emmanuel Dana and Ghorbani, Ali A and Dadkhah, Sajjad and Ferreira, Raphael Lionel},
	journal={Research Square},
	year={2024},
	publisher={Research Square},
	doi={10.21203/rs.3.rs-4046330/v1}
}

@article{naeem2025optimizing,
	title={Optimizing vehicle security: A multiclassification framework using deep transfer learning and metaheuristic-based genetic algorithm optimization},
	author={Naeem, Hamad and Ullah, Farhan and Krejcar, Ondrej and Li, Deguang and Vasan, Danish},
	journal={International Journal of Critical Infrastructure Protection},
	volume={49},
	pages={100745},
	year={2025},
	publisher={Elsevier}
}

@inproceedings{kumar2025machine,
	title={Machine Learning for Advancing Electric Vehicles Security Leveraging CICEVSE2024},
	author={Kumar, Anmol Geetesh and Amandeep and Dahiya, Sonika},
	booktitle={2025 International Russian Smart Industry Conference (SmartIndustryCon)},
	year={2025},
	organization={IEEE}
}

@article{boudina2020review,
	title={A review on stochastic approach for phev integration control in a distribution system with an optimized battery power demand model},
	author={Boudina, Rabah and Wang, Jianhui and Benbouzid, Mohamed and Yao, Gang and Zhou, Lixing},
	journal={Electronics},
	volume={9},
	number={1},
	pages={139},
	year={2020},
	publisher={MDPI}
}

@article{hawkins2012environmental,
	title={Environmental impacts of hybrid and electric vehicles—a review},
	author={Hawkins, Troy R and Gausen, Ole-Morten and Str{\o}mman, Anders H},
	journal={The International Journal of Life Cycle Assessment},
	volume={17},
	pages={997--1014},
	year={2012},
	publisher={Springer}
}

@inproceedings{antoun2020detailed,
	title={A detailed security assessment of the ev charging ecosystem},
	author={Antoun, Joseph and Kabir, ME and Moussa, B and Atallah, R and Assi, C},
	booktitle={IEEE Network},
	volume={34},
	number={3},
	pages={200--207},
	year={2020},
	organization={IEEE}
}

@article{alcaraz2017ocpp,
	title={OCPP protocol: Security threats and challenges},
	author={Alcaraz, Cristina and Lopez, Javier and Wolthusen, Stephen},
	journal={IEEE Transactions on Smart Grid},
	volume={8},
	number={5},
	pages={2452--2459},
	year={2017},
	publisher={IEEE}
}

@article{hamdare2023cybersecurity,
	title={Cybersecurity risk analysis of electric vehicles charging stations},
	author={Hamdare, Sayali and Kaiwartya, Omprakash and Aljaidi, Mosleh and Jugran, Mohit and Cao, Yue and Kumar, Santosh and Mahmud, Mufti and Brown, David and Lloret, Jaime},
	journal={Sensors},
	volume={23},
	number={15},
	pages={6716},
	year={2023},
	publisher={MDPI}
}

@inproceedings{pourmirza2021electric,
	title={Electric vehicle charging station: cyber security challenges and perspective},
	author={Pourmirza, Zohreh and Walker, Sara},
	booktitle={2021 IEEE 9th International Conference on Smart Energy Grid Engineering (SEGE)},
	pages={111--116},
	year={2021},
	organization={IEEE}
}

@inproceedings{elmo2023disrupting,
	title={Disrupting EV Charging sessions and gaining remote code execution with DoS, MITM, and Code Injection Exploits using OCPP 1.6},
	author={Elmo, Daniel and Fragkos, Georgios and Johnson, Jay and Rohde, Ken and Salinas, Stewart and Zhang, Jiacheng},
	booktitle={2023 Resilience Week (RWS)},
	pages={1--8},
	year={2023},
	organization={IEEE}
}

@article{alcaraz2023ocpp,
	title={OCPP in the spotlight: Threats and countermeasures for electric vehicle charging infrastructures 4.0},
	author={Alcaraz, Cristina and Cumplido, Jose and Trivi{\~n}o, Alberto},
	journal={International Journal of Information Security},
	volume={22},
	number={5},
	pages={1395--1421},
	year={2023},
	publisher={Springer}
}

@article{kang2016intrusion,
	title={Intrusion detection system using deep neural network for in-vehicle network security},
	author={Kang, Min-Joo and Kang, Jae-Woo},
	journal={PloS one},
	volume={11},
	number={6},
	pages={e0155781},
	year={2016},
	publisher={Public Library of Science}
}

@inproceedings{taylor2016anomaly,
	title={Anomaly detection in automobile control network data with long short-term memory networks},
	author={Taylor, Andrew and Leblanc, Stephane and Japkowicz, Nathalie},
	booktitle={2016 IEEE international conference on data science and advanced analytics (DSAA)},
	pages={130--139},
	year={2016},
	organization={IEEE}
}

@article{ashraf2020novel,
	title={A novel deep learning-enabled lstm autoencoder architecture for discovering anomalous events from intelligent transportation systems},
	author={Ashraf, Javaid and Bakhshi, Ahmad D and Moustafa, Nour and Khurshid, Haris and Javed, Arshad and Beheshti, Amin},
	journal={IEEE transactions on intelligent transportation systems},
	volume={22},
	number={7},
	pages={4507--4518},
	year={2020},
	publisher={IEEE}
}

@inproceedings{seo2018gids,
	title={GIDS: GAN based intrusion detection system for in-vehicle network},
	author={Seo, E and Song, HM and Kim, HK},
	booktitle={2018 16th annual conference on privacy, security and trust (PST)},
	pages={1--6},
	year={2018},
	organization={IEEE}
}

@article{desta2022rec,
	title={Rec-CNN: In-vehicle networks intrusion detection using convolutional neural networks trained on recurrence plots},
	author={Desta, Abelneh K and Ohira, Shinya and Arai, Ikuya and Fujikawa, Kazutoshi},
	journal={Vehicular Communications},
	volume={35},
	pages={100470},
	year={2022},
	publisher={Elsevier}
}

@inproceedings{lee2019acn,
	title={{ACN-Data: Analysis and Applications of an Open EV Charging Dataset}},
	author={Lee, Zachary J and Li, Tongxin and Low, Steven H},
	booktitle={Proceedings of the Tenth International Conference on Future Energy Systems},
	pages={139--149},
	year={2019}
}

@inproceedings{kim2023ddos,
	title={DDoS attack dataset (CICEV2023) against EV authentication in charging infrastructure},
	author={Kim, Yoohwan and Hakak, Saqib and Ghorbani, Ali},
	booktitle={2023 20th Annual International Conference on Privacy, Security and Trust (PST)},
	pages={1--9},
	year={2023},
	organization={IEEE}
}


%--------------------------------------------------------



@article{van2023mealpy,
	title={MEALPY: An open-source library for latest meta-heuristic algorithms in Python},
	author={Van Thieu, Nguyen and Mirjalili, Seyedali},
	journal={Journal of Systems Architecture},
	volume={139},
	pages={102871},
	year={2023},
	publisher={Elsevier}
}


@article{long2023constrained,
  title={A constrained multi-objective optimization algorithm using an efficient global diversity strategy},
  author={Long, Wenyi and Dong, Huachao and Wang, Peng and Huang, Yan and Li, Jinglu and Yang, Xubo and Fu, Chongbo},
  journal={Complex \& Intelligent Systems},
  volume={9},
  number={2},
  pages={1455--1478},
  year={2023},
  publisher={Springer}
}

@article{tilahun2019balancing,
  title={Balancing the degree of exploration and exploitation of swarm intelligence using parallel computing},
  author={Tilahun, Surafel Luleseged},
  journal={International Journal on Artificial Intelligence Tools},
  volume={28},
  number={03},
  pages={1950014},
  year={2019},
  publisher={World Scientific}
}



%-------------------------------------------------------
@article{abdipoor2023meta,
	title={Meta-heuristic approaches for the University Course Timetabling Problem},
	author={Abdipoor, Sina and Yaakob, Razali and Goh, Say Leng and Abdullah, Salwani},
	journal={Intelligent Systems with Applications},
	pages={200253},
	year={2023},
	publisher={Elsevier}
}


@article{reddy2022review,
	title={A review of swarm-based metaheuristic optimization techniques and their application to doubly fed induction generator},
	author={Reddy, Kumeshan and Saha, Akshay K},
	journal={Heliyon},
	volume={8},
	number={10},
	year={2022},
	publisher={Elsevier}
}



@article{dehghani2022new,
	title={A new human-inspired metaheuristic algorithm for solving optimization problems based on mimicking sewing training},
	author={Dehghani, Mohammad and Trojovsk{\'a}, Eva and Zu{\v{s}}{\v{c}}{\'a}k, Tom{\'a}{\v{s}}},
	journal={Scientific Reports},
	volume={12},
	number={1},
	pages={17387},
	year={2022},
	publisher={Nature Publishing Group UK London}
}

@article{fister2013comprehensive,
	title={A comprehensive review of firefly algorithms},
	author={Fister, Iztok and Fister Jr, Iztok and Yang, Xin-She and Brest, Janez},
	journal={Swarm and evolutionary computation},
	volume={13},
	pages={34--46},
	year={2013},
	publisher={Elsevier}
}

@article{wolpert1997no,
	title={No free lunch theorems for optimization},
	author={Wolpert, David H and Macready, William G},
	journal={IEEE transactions on evolutionary computation},
	volume={1},
	number={1},
	pages={67--82},
	year={1997},
	publisher={IEEE}
}


@article{abdel2019flower,
	title={Flower pollination algorithm: a comprehensive review},
	author={Abdel-Basset, Mohamed and Shawky, Laila A},
	journal={Artificial Intelligence Review},
	volume={52},
	pages={2533--2557},
	year={2019},
	publisher={Springer}
}



@article{eskandar2012water,
	title={Water cycle algorithm--A novel metaheuristic optimization method for solving constrained engineering optimization problems},
	author={Eskandar, Hadi and Sadollah, Ali and Bahreininejad, Ardeshir and Hamdi, Mohd},
	journal={Computers \& Structures},
	volume={110},
	pages={151--166},
	year={2012},
	publisher={Elsevier}
}

@article{zhao2020artificial,
	title={Artificial ecosystem-based optimization: a novel nature-inspired meta-heuristic algorithm},
	author={Zhao, Weiguo and Wang, Liying and Zhang, Zhenxing},
	journal={Neural Computing and Applications},
	volume={32},
	pages={9383--9425},
	year={2020},
	publisher={Springer}
}



@article{li2020slime,
	title={Slime mould algorithm: A new method for stochastic optimization},
	author={Li, Shimin and Chen, Huiling and Wang, Mingjing and Heidari, Ali Asghar and Mirjalili, Seyedali},
	journal={Future Generation Computer Systems},
	volume={111},
	pages={300--323},
	year={2020},
	publisher={Elsevier}
}

@article{li2016novel,
	title={A novel nature-inspired algorithm for optimization: Virus colony search},
	author={Li, Mu Dong and Zhao, Hui and Weng, Xing Wei and Han, Tong},
	journal={Advances in engineering software},
	volume={92},
	pages={65--88},
	year={2016},
	publisher={Elsevier}
}

@article{akan2022battle,
	title={Battle Royale Optimizer for solving binary optimization problems},
	author={Akan, Taymaz and Agahian, Saeid and Dehkharghani, Rahim},
	journal={Software Impacts},
	volume={12},
	pages={100274},
	year={2022},
	publisher={Elsevier}
}

@article{rashedi2009gsa,
	title={GSA: a gravitational search algorithm},
	author={Rashedi, Esmat and Nezamabadi-Pour, Hossein and Saryazdi, Saeid},
	journal={Information sciences},
	volume={179},
	number={13},
	pages={2232--2248},
	year={2009},
	publisher={Elsevier}
}

@article{chebii2020genome,
	title={Genome-wide analysis of Nubian ibex reveals candidate positively selected genes that contribute to its adaptation to the desert environment},
	author={Chebii, Vivien J and Oyola, Samuel O and Kotze, Antoinette and Domelevo Entfellner, Jean-Baka and Musembi Mutuku, J and Agaba, Morris},
	journal={Animals},
	volume={10},
	number={11},
	pages={2181},
	year={2020},
	publisher={MDPI}
}

@article{chebii2021genome,
	title={Genome scan for variable genes involved in environmental adaptations of Nubian ibex},
	author={Chebii, Vivien J and Mpolya, Emmanuel A and Oyola, Samuel O and Kotze, Antoinette and Entfellner, Jean-Baka Domelevo and Mutuku, J Musembi},
	journal={Journal of Molecular Evolution},
	volume={89},
	number={7},
	pages={448--457},
	year={2021},
	publisher={Springer}
}

@article{abualigah2021group,
	title={Group search optimizer: a nature-inspired meta-heuristic optimization algorithm with its results, variants, and applications},
	author={Abualigah, Laith},
	journal={Neural Computing and Applications},
	volume={33},
	number={7},
	pages={2949--2972},
	year={2021},
	publisher={Springer}
}

@article{han2021different,
	title={Different environmental requirements of female and male Siberian ibex, Capra sibirica},
	author={Han, Lei and Wang, Zhi and Blank, David and Wang, Muyang and Yang, Weikang},
	journal={Scientific reports},
	volume={11},
	number={1},
	pages={6064},
	year={2021},
	publisher={Nature Publishing Group UK London}
}

@article{rai2022human,
  title={Human-inspired optimization algorithms: Theoretical foundations, algorithms, open-research issues and application for multi-level thresholding},
  author={Rai, Rebika and Das, Arunita and Ray, Swarnajit and Dhal, Krishna Gopal},
  journal={Archives of Computational Methods in Engineering},
  volume={29},
  number={7},
  pages={5313--5352},
  year={2022},
  publisher={Springer}
}

@Article{bio2023Zoran,
AUTHOR = {Jakšić, Zoran and Devi, Swagata and Jakšić, Olga and Guha, Koushik},
TITLE = {A Comprehensive Review of Bio-Inspired Optimization Algorithms Including Applications in Microelectronics and Nanophotonics},
JOURNAL = {Biomimetics},
VOLUME = {8},
YEAR = {2023},
NUMBER = {3},
ARTICLE-NUMBER = {278},
PubMedID = {37504166},
ISSN = {2313-7673},
DOI = {10.3390/biomimetics8030278}
}

@article{tichon2023population,
  title={Population dynamics and the effect of drought in the threatened Nubian ibex},
  author={Tichon, Jonathan and Freiman, Elyasaf and Spiegel, Orr and Baruchi, Erez and Atar, Aviam and Lapid, Roi and King, Roni and Bar-David, Shirli and Saltz, David},
  journal={Wildlife Society Bulletin},
  volume={47},
  number={1},
  pages={e1397},
  year={2023},
  publisher={Wiley Online Library}
}

@article{belegundu1985study,
  title={A study of mathematical programming methods for structural optimization. Part I: Theory},
  author={Belegundu, Ashok D and Arora, Jasbir S},
  journal={International Journal for Numerical Methods in Engineering},
  volume={21},
  number={9},
  pages={1583--1599},
  year={1985},
  publisher={Wiley Online Library}
}
@article{COELLOCOELLO2002193,
title = {Constraint-handling in genetic algorithms through the use of dominance-based tournament selection},
journal = {Advanced Engineering Informatics},
volume = {16},
number = {3},
pages = {193-203},
year = {2002},
issn = {1474-0346},
doi = {https://doi.org/10.1016/S1474-0346(02)00011-3},
author = {Carlos A. {Coello Coello} and Efrén {Mezura Montes}}
}


@article{Abualigah2021Aquila,
title = {Aquila Optimizer: A novel meta-heuristic optimization algorithm},
journal = {Computers \& Industrial Engineering},
volume = {157},
pages = {107250},
year = {2021},
issn = {0360-8352},
doi = {https://doi.org/10.1016/j.cie.2021.107250},
author = {Laith Abualigah and Dalia Yousri and Mohamed {Abd Elaziz} and Ahmed A. Ewees and Mohammed A.A. Al-qaness and Amir H. Gandomi}
}


@article{dokeroglu2019survey,
	title={A survey on new generation metaheuristic algorithms},
	author={Dokeroglu, Tansel and Sevinc, Ender and Kucukyilmaz, Tayfun and Cosar, Ahmet},
	journal={Computers \& Industrial Engineering},
	volume={137},
	pages={106040},
	year={2019},
	publisher={Elsevier}
}

@article{deng2020novel,
	title={A novel gate resource allocation method using improved PSO-based QEA},
	author={Deng, Wu and Xu, Junjie and Zhao, Huimin and Song, Yingjie},
	journal={IEEE Transactions on Intelligent Transportation Systems},
	volume={23},
	number={3},
	pages={1737--1745},
	year={2020},
	publisher={IEEE}
}

@article{fong2015review,
	title={A review of metaheuristics in robotics},
	author={Fong, Simon and Deb, Suash and Chaudhary, Ankit},
	journal={Computers \& Electrical Engineering},
	volume={43},
	pages={278--291},
	year={2015},
	publisher={Elsevier}
}

@article{sorensen2015metaheuristics,
	title={Metaheuristics—the metaphor exposed},
	author={S{\"o}rensen, Kenneth},
	journal={International Transactions in Operational Research},
	volume={22},
	number={1},
	pages={3--18},
	year={2015},
	publisher={Wiley Online Library}
}

@article{glover2019overview,
	title={An overview of meta-analytics: the promise of unifying metaheuristics and analytics},
	author={Glover, Fred and Cotta, Carlos},
	journal={Business and Consumer Analytics: New Ideas},
	pages={693--702},
	year={2019},
	publisher={Springer}
}

@book{valadi2014applications,
	title={Applications of metaheuristics in process engineering},
	author={Valadi, Jayaraman and Siarry, Patrick},
	volume={31},
	number={1},
	year={2014},
	publisher={Springer}
}

@article{mahdavi2015metaheuristics,
	title={Metaheuristics in large-scale global continues optimization: A survey},
	author={Mahdavi, Sedigheh and Shiri, Mohammad Ebrahim and Rahnamayan, Shahryar},
	journal={Information Sciences},
	volume={295},
	pages={407--428},
	year={2015},
	publisher={Elsevier}
}

@incollection{bandaru2016metaheuristic,
	title={Metaheuristic techniques},
	author={Bandaru, Sunith and Deb, Kalyanmoy},
	booktitle={Decision sciences},
	pages={709--766},
	year={2016},
	publisher={CRC Press}
}

@article{xu2021optimal,
	title={Optimal stochastic process optimizer: A new metaheuristic algorithm with adaptive exploration-exploitation property},
	author={Xu, Jiahong and Xu, Lihong},
	journal={IEEE Access},
	volume={9},
	pages={108640--108664},
	year={2021},
	publisher={IEEE}
}

@article{seyyedabbasi2021hybrid,
	title={Hybrid algorithms based on combining reinforcement learning and metaheuristic methods to solve global optimization problems},
	author={Seyyedabbasi, Amir and Aliyev, Royal and Kiani, Farzad and Gulle, Murat Ugur and Basyildiz, Hasan and Shah, Mohammed Ahmed},
	journal={Knowledge-Based Systems},
	volume={223},
	pages={107044},
	year={2021},
	publisher={Elsevier}
}

@article{mortazavi2019comparative,
	title={Comparative assessment of five metaheuristic methods on distinct problems},
	author={Mortazavi, Ali},
	journal={Dicle {\"U}niversitesi M{\"u}hendislik Fak{\"u}ltesi M{\"u}hendislik Dergisi},
	volume={10},
	number={3},
	pages={879--898},
	year={2019},
	publisher={Dicle University}
}

@inproceedings{salih2019novel,
	title={Novel multi-swarm approach for balancing exploration and exploitation in particle swarm optimization},
	author={Salih, Sinan Q and Alsewari, AbdulRahman A and Al-Khateeb, Bellal and Zolkipli, Mohamad Fadli},
	booktitle={Recent Trends in Data Science and Soft Computing: Proceedings of the 3rd International Conference of Reliable Information and Communication Technology (IRICT 2018)},
	pages={196--206},
	year={2019},
	organization={Springer}
}



@inproceedings{shi1998modified,
	title={A modified particle swarm optimizer},
	author={Shi, Yuhui and Eberhart, Russell},
	booktitle={1998 IEEE international conference on evolutionary computation proceedings. IEEE world congress on computational intelligence (Cat. No. 98TH8360)},
	pages={69--73},
	year={1998},
	organization={IEEE}
}

@article{kumar2022efficient,
	title={Efficient stochastic model for operational availability optimization of cooling tower using metaheuristic algorithms},
	author={Kumar, Ashish and Saini, Monika and Gupta, Nivedita and Sinwar, Deepak and Singh, Dilbag and Kaur, Manjit and Lee, Heung-No},
	journal={IEEE Access},
	volume={10},
	pages={24659--24677},
	year={2022},
	publisher={IEEE}
}

@article{gutjahr2019stochastic,
	title={Stochastic search in metaheuristics},
	author={Gutjahr, Walter J and Montemanni, Roberto},
	journal={Handbook of metaheuristics},
	pages={513--540},
	year={2019},
	publisher={Springer}
}

@article{juan2015review,
	title={A review of simheuristics: Extending metaheuristics to deal with stochastic combinatorial optimization problems},
	author={Juan, Angel A and Faulin, Javier and Grasman, Scott E and Rabe, Markus and Figueira, Gon{\c{c}}alo},
	journal={Operations Research Perspectives},
	volume={2},
	pages={62--72},
	year={2015},
	publisher={Elsevier}
}

@article{dhaenens2022metaheuristics,
	title={Metaheuristics for data mining: survey and opportunities for big data},
	author={Dhaenens, Clarisse and Jourdan, Laetitia},
	journal={Annals of Operations Research},
	volume={314},
	number={1},
	pages={117--140},
	year={2022},
	publisher={Springer}
}

@article{cheng2021evolutionary,
	title={Evolutionary computation for solving search-based data analytics problems},
	author={Cheng, Shi and Ma, Lianbo and Lu, Hui and Lei, Xiujuan and Shi, Yuhui},
	journal={Artificial Intelligence Review},
	volume={54},
	number={2},
	pages={1321--1348},
	year={2021},
	publisher={Springer}
}

@article{turgut2023systematic,
	title={A systematic review of the emerging metaheuristic algorithms on solving complex optimization problems},
	author={Turgut, Oguz Emrah and Turgut, Mert Sinan and K{\i}rtepe, Erhan},
	journal={Neural Computing and Applications},
	volume={35},
	number={19},
	pages={14275--14378},
	year={2023},
	publisher={Springer}
}

@article{si2022artificial,
	title={Artificial neural network training using metaheuristics for medical data classification: an experimental study},
	author={Si, Tapas and Bagchi, Jayri and Miranda, P{\'e}ricles BC},
	journal={Expert Systems with Applications},
	volume={193},
	pages={116423},
	year={2022},
	publisher={Elsevier}
}

@article{mandal2023review,
	title={A review of classical methods and Nature-Inspired Algorithms (NIAs) for optimization problems},
	author={Mandal, Pawan Kumar},
	journal={Results in Control and Optimization},
	pages={100315},
	year={2023},
	publisher={Elsevier}
}

@article{dillen2018performance,
	title={Performance Assessment of Metaheuristic Algorithms for Structural Optimization Taking into Account the Influence of Control Parameters},
	author={Wout Dillen and G. Lombaert and Nathalie Voeten and M. Schevenels},
	journal={EngOpt 2018 Proceedings of the 6th International Conference on Engineering Optimization},
	year={2018},
	doi={10.1007/978-3-319-97773-7_9}
}

@article{gutjahr2018stochastic,
	title={Stochastic Search in Metaheuristics},
	author={W. Gutjahr},
	journal={Handbook of Metaheuristics},
	year={2018},
	doi={10.1007/978-1-4419-1665-5_19}
}

@article{juan2023review,
	title={A review of the role of heuristics in stochastic optimisation: From metaheuristics to learnheuristics},
	author={Juan, Angel A and Keenan, Peter and Mart{\'\i}, Rafael and McGarraghy, Se{\'a}n and Panadero, Javier and Carroll, Paula and Oliva, Diego},
	journal={Annals of Operations Research},
	volume={320},
	number={2},
	pages={831--861},
	year={2023},
	publisher={Springer}
}

@article{da2023machine,
	title={Machine learning enhancing metaheuristics: a systematic review},
	author={da Costa Oliveira, Artur Leandro and Britto, Andr{\'e} and Gusm{\~a}o, Ren{\^e}},
	journal={Soft Computing},
	volume={27},
	number={21},
	pages={15971--15998},
	year={2023},
	publisher={Springer}
}

@article{oueslati2024chaos,
	title={Chaos Game Optimization: A comprehensive study of its variants, applications, and future directions},
	author={Oueslati, Raja and Manita, Ghaith and Chhabra, Amit and Korbaa, Ouajdi},
	journal={Computer Science Review},
	volume={53},
	pages={100647},
	year={2024},
	publisher={Elsevier}
}

@article{omidvar2021review,
	title={A review of population-based metaheuristics for large-scale black-box global optimization—Part I},
	author={Omidvar, Mohammad Nabi and Li, Xiaodong and Yao, Xin},
	journal={IEEE Transactions on Evolutionary Computation},
	volume={26},
	number={5},
	pages={802--822},
	year={2021},
	publisher={IEEE}
}

@article{thomson2022fractal,
	title={The fractal geometry of fitness landscapes at the local optima level},
	author={Thomson, Sarah L and Ochoa, Gabriela and Verel, S{\'e}bastien},
	journal={Natural Computing},
	volume={21},
	number={2},
	pages={317--333},
	year={2022},
	publisher={Springer}
}

@inproceedings{dang2021escaping,
	title={Escaping local optima with non-elitist evolutionary algorithms},
	author={Dang, Duc-Cuong and Eremeev, Anton and Lehre, Per Kristian},
	booktitle={Proceedings of the AAAI Conference on Artificial Intelligence},
	volume={35},
	number={14},
	pages={12275--12283},
	year={2021}
}

@article{adam2019no,
	title={No free lunch theorem: A review},
	author={Adam, Stavros P and Alexandropoulos, Stamatios-Aggelos N and Pardalos, Panos M and Vrahatis, Michael N},
	journal={Approximation and optimization: Algorithms, complexity and applications},
	pages={57--82},
	year={2019},
	publisher={Springer}
}

@article{selvarajan2024comprehensive,
	title={A comprehensive study on modern optimization techniques for engineering applications},
	author={Selvarajan, Shitharth},
	journal={Artificial Intelligence Review},
	volume={57},
	number={8},
	pages={194},
	year={2024},
	publisher={Springer}
}

@article{falcon2020indicator,
	title={Indicator-based multi-objective evolutionary algorithms: A comprehensive survey},
	author={Falc{\'o}n-Cardona, Jes{\'u}s Guillermo and Coello, Carlos A Coello},
	journal={ACM Computing Surveys (CSUR)},
	volume={53},
	number={2},
	pages={1--35},
	year={2020},
	publisher={ACM New York, NY, USA}
}

@article{jarray2022parallel,
	title={Parallel cooperative coevolutionary grey wolf optimizer for path planning problem of unmanned aerial vehicles},
	author={Jarray, Raja and Al-Dhaifallah, Mujahed and Rezk, Hegazy and Bouall{\`e}gue, Soufiene},
	journal={Sensors},
	volume={22},
	number={5},
	pages={1826},
	year={2022},
	publisher={MDPI}
}

@article{babazadeh2023interval,
	title={Interval reliability sensitivity analysis using Monte Carlo simulation and mouth brooding fish algorithm (MBF)},
	author={Babazadeh, M and Rezayfar, O and Jahani, E},
	journal={Applied Soft Computing},
	volume={142},
	pages={110316},
	year={2023},
	publisher={Elsevier}
}

@article{chou2022intelligent,
	title={Intelligent candlestick forecast system for financial time-series analysis using metaheuristics-optimized multi-output machine learning},
	author={Chou, Jui-Sheng and Nguyen, Ngoc-Mai and Chang, Chih-Pin},
	journal={Applied Soft Computing},
	volume={130},
	pages={109642},
	year={2022},
	publisher={Elsevier}
}

@article{elhoseny2022new,
	title={A new metaheuristic optimization model for financial crisis prediction: Towards sustainable development},
	author={Elhoseny, Mohamed and Metawa, Noura and El-Hasnony, Ibrahim M},
	journal={Sustainable Computing: Informatics and Systems},
	volume={35},
	pages={100778},
	year={2022},
	publisher={Elsevier}
}

@article{peiris2023production,
	title={Production scheduling in modular construction: Metaheuristics and future directions},
	author={Peiris, Achini and Hui, Felix Kin Peng and Duffield, Colin and Ngo, Tuan},
	journal={Automation in Construction},
	volume={150},
	pages={104851},
	year={2023},
	publisher={Elsevier}
}

@article{houssein2024metaheuristics,
	title={Metaheuristics for solving global and engineering optimization problems: review, applications, open issues and challenges},
	author={Houssein, Essam H and Saeed, Mahmoud Khalaf and Hu, Gang and Al-Sayed, Mustafa M},
	journal={Archives of Computational Methods in Engineering},
	pages={1--35},
	year={2024},
	publisher={Springer}
}

@article{hassan2018genetic,
	title={Genetic diversity of Nubian ibex in comparison to other ibex and domesticated goat species},
	author={Hassan, Lubna MA and Arends, Danny and Rahmatalla, Siham A and Reissmann, Monika and Reyer, Henry and Wimmers, Klaus and Abukashawa, Sumaia MA and Brockmann, Gudrun A},
	journal={European Journal of Wildlife Research},
	volume={64},
	pages={1--10},
	year={2018},
	publisher={Springer}
}

% self papers
%-------------------------------------------------------
@Article{ragab2020novel,
	author    = {Ragab, Mohammed G and Abdulkadir, Said J and Aziz, Norshakirah and Al-Tashi, Qasem and Alyousifi, Yousif and Alhussian, Hitham and Alqushaibi, Alawi},
	journal   = {Sustainability},
	title     = {A Novel One-Dimensional CNN with Exponential Adaptive Gradients for Air Pollution Index Prediction},
	year      = {2020},
	issn      = {2071-1050},
	month     = dec,
	number    = {23},
	pages     = {10090},
	volume    = {12},
	doi       = {10.3390/su122310090},
	publisher = {MDPI AG},
}

%-------------------------------------------------------
@Article{van2023mealpy,
	author    = {Van Thieu, Nguyen and Mirjalili, Seyedali},
	journal   = {Journal of Systems Architecture},
	title     = {MEALPY: An open-source library for latest meta-heuristic algorithms in Python},
	year      = {2023},
	pages     = {102871},
	volume    = {139},
	doi       = {10.1016/j.sysarc.2023.102871},
	publisher = {Elsevier},
}


@article{long2023constrained,
	title={A constrained multi-objective optimization algorithm using an efficient global diversity strategy},
	author={Long, Wenyi and Dong, Huachao and Wang, Peng and Huang, Yan and Li, Jinglu and Yang, Xubo and Fu, Chongbo},
	journal={Complex \& Intelligent Systems},
	volume={9},
	number={2},
	pages={1455--1478},
	year={2023},
	publisher={Springer}
}


@Article{morales2020better,
	author    = {Morales-Casta{\~n}eda, Bernardo and Zaldivar, Daniel and Cuevas, Erik and Fausto, Fernando and Rodr{\'\i}guez, Alma},
	journal   = {Swarm and Evolutionary Computation},
	title     = {A better balance in metaheuristic algorithms: Does it exist?},
	year      = {2020},
	pages     = {100671},
	volume    = {54},
	doi       = {10.1016/j.swevo.2020.100671},
	publisher = {Elsevier},
}

@Article{tilahun2019balancing,
	author    = {Tilahun, Surafel Luleseged},
	journal   = {International Journal on Artificial Intelligence Tools},
	title     = {Balancing the degree of exploration and exploitation of swarm intelligence using parallel computing},
	year      = {2019},
	number    = {03},
	pages     = {1950014},
	volume    = {28},
	doi       = {10.1142/s0218213019500143},
	publisher = {World Scientific},
}

%metaheuristic algorithm
%-------------------------------------------------------
@Article{holland1992genetic,
	author    = {Holland, John H},
	journal   = {Scientific american},
	title     = {Genetic algorithms},
	year      = {1992},
	number    = {1},
	pages     = {66--73},
	volume    = {267},
	doi       = {10.4249/scholarpedia.1482},
	publisher = {JSTOR},
}

@Article{mirjalili2015moth,
	author    = {Mirjalili, Seyedali},
	journal   = {Knowledge-based systems},
	title     = {Moth-flame optimization algorithm: A novel nature-inspired heuristic paradigm},
	year      = {2015},
	pages     = {228--249},
	volume    = {89},
	doi       = {10.1016/j.knosys.2015.07.006},
	publisher = {Elsevier},
}

@Article{gad2022particle,
	author    = {Gad, Ahmed G},
	journal   = {Archives of computational methods in engineering},
	title     = {Particle swarm optimization algorithm and its applications: a systematic review},
	year      = {2022},
	number    = {5},
	pages     = {2531--2561},
	volume    = {29},
	doi       = {10.1007/s11831-021-09694-4},
	publisher = {Springer},
}

@Article{das2009bacterial,
	author    = {Das, Swagatam and Biswas, Arijit and Dasgupta, Sambarta and Abraham, Ajith},
	journal   = {Foundations of computational intelligence volume 3: global optimization},
	title     = {Bacterial foraging optimization algorithm: theoretical foundations, analysis, and applications},
	year      = {2009},
	pages     = {23--55},
	doi       = {10.1007/978-3-642-01085-9_2},
	publisher = {Springer},
}

@InProceedings{kennedy1995particle,
	author       = {Kennedy, James and Eberhart, Russell},
	booktitle    = {Proceedings of ICNN'95-international conference on neural networks},
	title        = {Particle swarm optimization},
	year         = {1995},
	organization = {IEEE},
	pages        = {1942--1948},
	volume       = {4},
	doi          = {10.1007/978-0-387-30164-8_630},
}

@InProceedings{chu2006cat,
	author       = {Chu, Shu-Chuan and Tsai, Pei-Wei and Pan, Jeng-Shyang},
	booktitle    = {PRICAI 2006: Trends in Artificial Intelligence: 9th Pacific Rim International Conference on Artificial Intelligence Guilin, China, August 7-11, 2006 Proceedings 9},
	title        = {Cat swarm optimization},
	year         = {2006},
	organization = {Springer},
	pages        = {854--858},
	doi          = {10.1007/978-3-540-36668-3_94},
}

@Article{joshi2017cuckoo,
	author    = {Joshi, Akshata S and Kulkarni, Omkar and Kakandikar, Ganesh M and Nandedkar, Vilas M},
	journal   = {Materials Today: Proceedings},
	title     = {Cuckoo search optimization-a review},
	year      = {2017},
	number    = {8},
	pages     = {7262--7269},
	volume    = {4},
	doi       = {10.1016/j.matpr.2017.07.055},
	publisher = {Elsevier},
}

@Article{karaboga2009comparative,
	author    = {Karaboga, Dervis and Akay, Bahriye},
	journal   = {Applied mathematics and computation},
	title     = {A comparative study of artificial bee colony algorithm},
	year      = {2009},
	number    = {1},
	pages     = {108--132},
	volume    = {214},
	doi       = {10.1016/j.amc.2009.03.090},
	publisher = {Elsevier},
}

@Article{dorigo2006ant,
	author    = {Dorigo, Marco and Birattari, Mauro and Stutzle, Thomas},
	journal   = {IEEE computational intelligence magazine},
	title     = {Ant colony optimization},
	year      = {2006},
	number    = {4},
	pages     = {28--39},
	volume    = {1},
	doi       = {10.1109/mci.2006.329691},
	publisher = {IEEE},
}

@Article{kiran2021tree,
	author    = {Kiran, Mustafa Servet and Hakli, Huseyin},
	journal   = {Applied Soft Computing},
	title     = {A tree--seed algorithm based on intelligent search mechanisms for continuous optimization},
	year      = {2021},
	pages     = {106938},
	volume    = {98},
	doi       = {10.1016/j.asoc.2020.106938},
	publisher = {Elsevier},
}

@Article{yang2012bat,
	author    = {Yang, Xin-She and Hossein Gandomi, Amir},
	journal   = {Engineering computations},
	title     = {Bat algorithm: a novel approach for global engineering optimization},
	year      = {2012},
	number    = {5},
	pages     = {464--483},
	volume    = {29},
	doi       = {10.1108/02644401211235834},
	publisher = {Emerald Group Publishing Limited},
}

@Article{saremi2017grasshopper,
	author    = {Saremi, Shahrzad and Mirjalili, Seyedali and Lewis, Andrew},
	journal   = {Advances in engineering software},
	title     = {Grasshopper optimisation algorithm: theory and application},
	year      = {2017},
	pages     = {30--47},
	volume    = {105},
	doi       = {10.1016/j.advengsoft.2017.01.004},
	publisher = {Elsevier},
}


@Book{glover1998tabu,
	author    = {Glover, Fred and Laguna, Manuel},
	publisher = {Springer},
	title     = {Tabu search},
	year      = {1998},
	doi       = {10.1007/978-1-4613-0303-9_33},
}

@Article{mirjalili2014grey,
	author    = {Mirjalili, Seyedali and Mirjalili, Seyed Mohammad and Lewis, Andrew},
	journal   = {Advances in engineering software},
	title     = {Grey wolf optimizer},
	year      = {2014},
	pages     = {46--61},
	volume    = {69},
	doi       = {10.1016/j.advengsoft.2013.12.007},
	publisher = {Elsevier},
}

@Article{chopra2022golden,
	author    = {Chopra, Nitish and Ansari, Muhammad Mohsin},
	journal   = {Expert Systems with Applications},
	title     = {Golden jackal optimization: A novel nature-inspired optimizer for engineering applications},
	year      = {2022},
	pages     = {116924},
	volume    = {198},
	doi       = {10.1016/j.eswa.2022.116924},
	publisher = {Elsevier},
}

@Article{yapici2019new,
	author    = {Yapici, Hamza and Cetinkaya, Nurettin},
	journal   = {Applied soft computing},
	title     = {A new meta-heuristic optimizer: Pathfinder algorithm},
	year      = {2019},
	pages     = {545--568},
	volume    = {78},
	doi       = {10.1016/j.asoc.2019.03.012},
	publisher = {Elsevier},
}

@Article{mohammadi2021golden,
	author    = {Mohammadi-Balani, Abdolkarim and Nayeri, Mahmoud Dehghan and Azar, Adel and Taghizadeh-Yazdi, Mohammadreza},
	journal   = {Computers \& Industrial Engineering},
	title     = {Golden eagle optimizer: A nature-inspired metaheuristic algorithm},
	year      = {2021},
	pages     = {107050},
	volume    = {152},
	doi       = {10.1016/j.cie.2020.107050},
	publisher = {Elsevier},
}

@article{abedinia2016new,
	title={A new metaheuristic algorithm based on shark smell optimization},
	author={Abedinia, Oveis and Amjady, Nima and Ghasemi, Ali},
	journal={Complexity},
	volume={21},
	number={5},
	pages={97--116},
	year={2016},
	publisher={Wiley Online Library}
}

@Article{back1993overview,
	author    = {B{\"a}ck, Thomas and Schwefel, Hans-Paul},
	journal   = {Evolutionary computation},
	title     = {An overview of evolutionary algorithms for parameter optimization},
	year      = {1993},
	number    = {1},
	pages     = {1--23},
	volume    = {1},
	doi       = {10.1162/evco.1993.1.1.1},
	publisher = {mit Press},
}

@Article{corne2018evolutionary,
	author  = {Corne, David W and Lones, Michael A},
	journal = {arXiv preprint arXiv:1805.11014},
	title   = {Evolutionary algorithms},
	year    = {2018},
	doi     = {10.1007/978-3-319-07153-4_27-1},
}

@Article{nadimi2020mtde,
	author    = {Nadimi-Shahraki, Mohammad H and Taghian, Shokooh and Mirjalili, Seyedali and Faris, Hossam},
	journal   = {Applied Soft Computing},
	title     = {MTDE: An effective multi-trial vector-based differential evolution algorithm and its applications for engineering design problems},
	year      = {2020},
	pages     = {106761},
	volume    = {97},
	doi       = {10.1016/j.asoc.2020.106761},
	publisher = {Elsevier},
}

@Article{rajwar2023exhaustive,
	author    = {Rajwar, Kanchan and Deep, Kusum and Das, Swagatam},
	journal   = {Artificial Intelligence Review},
	title     = {An exhaustive review of the metaheuristic algorithms for search and optimization: taxonomy, applications, and open challenges},
	year      = {2023},
	pages     = {1--71},
	doi       = {10.1007/s10462-023-10470-y},
	publisher = {Springer},
}

@Article{chopard2018performance,
	author    = {Chopard, Bastien and Tomassini, Marco and Chopard, Bastien and Tomassini, Marco},
	journal   = {An Introduction to Metaheuristics for Optimization},
	title     = {Performance and limitations of metaheuristics},
	year      = {2018},
	pages     = {191--203},
	doi       = {10.1007/978-3-319-93073-2_11},
	publisher = {Springer},
}

@Article{zhang2015comprehensive,
	author    = {Zhang, Yudong and Wang, Shuihua and Ji, Genlin and others},
	journal   = {Mathematical problems in engineering},
	title     = {A comprehensive survey on particle swarm optimization algorithm and its applications},
	year      = {2015},
	volume    = {2015},
	doi       = {10.1155/2015/931256},
	publisher = {Hindawi},
}

@Article{sridharan2021physics,
	author    = {Sridharan, Seshadri and Subramanian, Ramesh Kumar and Srirangan, Arun Kumar},
	journal   = {Materials Today: Proceedings},
	title     = {Physics based meta heuristics in manufacturing},
	year      = {2021},
	pages     = {805--811},
	volume    = {39},
	doi       = {10.1016/j.matpr.2020.09.775},
	publisher = {Elsevier},
}

@Article{tsai2016metaheuristic,
	author    = {Tsai, Chun-Wei and Chiang, Ming-Chao and Ksentini, Adlen and Chen, Min},
	journal   = {Computers \& Electrical Engineering},
	title     = {Metaheuristic algorithms for healthcare: Open issues and challenges},
	year      = {2016},
	pages     = {421--434},
	volume    = {53},
	doi       = {10.1016/j.compeleceng.2016.03.005},
	publisher = {Elsevier},
}

@InProceedings{ksibi2014enhancing,
	author       = {Ksibi, Amel and Ammar, Anis Ben and Amar, Chokri Ben},
	booktitle    = {2014 IEEE Congress on Evolutionary Computation (CEC)},
	title        = {Enhancing relevance re-ranking using nature-inspired meta-heuristic optimization algorithms},
	year         = {2014},
	organization = {IEEE},
	pages        = {1435--1442},
	doi          = {10.1109/cec.2014.6900584},
}

@Article{sharma2022systematic,
	author    = {Sharma, Vivek and Tripathi, Ashish Kumar},
	journal   = {Array},
	title     = {A systematic review of meta-heuristic algorithms in IoT based application},
	year      = {2022},
	pages     = {100164},
	volume    = {14},
	doi       = {10.1016/j.array.2022.100164},
	publisher = {Elsevier},
}

@Article{houssein2021task,
	author    = {Houssein, Essam H and Gad, Ahmed G and Wazery, Yaser M and Suganthan, Ponnuthurai Nagaratnam},
	journal   = {Swarm and Evolutionary Computation},
	title     = {Task scheduling in cloud computing based on meta-heuristics: review, taxonomy, open challenges, and future trends},
	year      = {2021},
	pages     = {100841},
	volume    = {62},
	doi       = {10.1016/j.swevo.2021.100841},
	publisher = {Elsevier},
}

@article{kaveh2023application,
	title={Application of meta-heuristic algorithms for training neural networks and deep learning architectures: A comprehensive review},
	author={Kaveh, Mehrdad and Mesgari, Mohammad Saadi},
	journal={Neural Processing Letters},
	volume={55},
	number={4},
	pages={4519--4622},
	year={2023},
	publisher={Springer}
}

@article{zhou2023application,
	title={The application of nature-inspired optimization algorithms on the modern management: A systematic literature review and bibliometric analysis},
	author={Zhou, Yi and Xia, Weili and Dai, Jiapeng},
	journal={Journal of Management \& Organization},
	volume={29},
	number={4},
	pages={655--678},
	year={2023},
	publisher={Cambridge University Press}
}

@inproceedings{chiroma2020nature,
	title={Nature inspired meta-heuristic algorithms for deep learning: recent progress and novel perspective},
	author={Chiroma, Haruna and Gital, Abdulsalam Ya’u and Rana, Nadim and Abdulhamid, Shafi’i M and Muhammad, Amina N and Umar, Aishatu Yahaya and Abubakar, Adamu I},
	booktitle={Advances in Computer Vision: Proceedings of the 2019 Computer Vision Conference (CVC), Volume 1 1},
	pages={59--70},
	year={2020},
	organization={Springer}
}

@Article{abualigah2022meta,
	author    = {Abualigah, Laith and Elaziz, Mohamed Abd and Khasawneh, Ahmad M and Alshinwan, Mohammad and Ibrahim, Rehab Ali and Al-Qaness, Mohammed AA and Mirjalili, Seyedali and Sumari, Putra and Gandomi, Amir H},
	journal   = {Neural Computing and Applications},
	title     = {Meta-heuristic optimization algorithms for solving real-world mechanical engineering design problems: a comprehensive survey, applications, comparative analysis, and results},
	year      = {2022},
	pages     = {1--30},
	doi       = {10.1007/s00521-021-06747-4},
	publisher = {Springer},
}

@Article{darwish2018bio,
	author    = {Darwish, Ashraf},
	journal   = {Future Computing and Informatics Journal},
	title     = {Bio-inspired computing: Algorithms review, deep analysis, and the scope of applications},
	year      = {2018},
	number    = {2},
	pages     = {231--246},
	volume    = {3},
	doi       = {10.1016/j.fcij.2018.06.001},
	publisher = {Elsevier},
}

@Article{ahmad2022differential,
	author    = {Ahmad, Mohamad Faiz and Isa, Nor Ashidi Mat and Lim, Wei Hong and Ang, Koon Meng},
	journal   = {Alexandria Engineering Journal},
	title     = {Differential evolution: A recent review based on state-of-the-art works},
	year      = {2022},
	number    = {5},
	pages     = {3831--3872},
	volume    = {61},
	doi       = {10.1016/j.aej.2021.09.013},
	publisher = {Elsevier},
}

@Article{gao2015harmony,
	author    = {Gao, Xiao Zhi and Govindasamy, V and Xu, He and Wang, Xiaolei and Zenger, Kai},
	journal   = {Computational intelligence and neuroscience},
	title     = {Harmony search method: theory and applications},
	year      = {2015},
	pages     = {39--39},
	volume    = {2015},
	doi       = {10.1155/2015/258491},
	publisher = {Hindawi Limited London, UK, United Kingdom},
}

@Article{morales2019improved,
	author    = {Morales-Casta{\~n}eda, Bernardo and Zald{\'\i}var, Daniel and Cuevas, Erik and Maciel-Castillo, Oscar and Aranguren, Itzel and Fausto, Fernando},
	journal   = {Applied Soft Computing},
	title     = {An improved Simulated Annealing algorithm based on ancient metallurgy techniques},
	year      = {2019},
	pages     = {105761},
	volume    = {84},
	doi       = {10.1016/j.asoc.2019.105761},
	publisher = {Elsevier},
}

@Article{su2023rime,
	author    = {Su, Hang and Zhao, Dong and Heidari, Ali Asghar and Liu, Lei and Zhang, Xiaoqin and Mafarja, Majdi and Chen, Huiling},
	journal   = {Neurocomputing},
	title     = {RIME: A physics-based optimization},
	year      = {2023},
	pages     = {183--214},
	volume    = {532},
	doi       = {10.1016/j.neucom.2023.02.010},
	publisher = {Elsevier},
}

@Article{yang2010firefly,
	author    = {Yang, Xin-She},
	journal   = {International journal of bio-inspired computation},
	title     = {Firefly algorithm, stochastic test functions and design optimisation},
	year      = {2010},
	number    = {2},
	pages     = {78--84},
	volume    = {2},
	doi       = {10.1504/ijbic.2010.032124},
	publisher = {Inderscience Publishers},
}

@inproceedings{yang2009cuckoo,
	title={Cuckoo search via L{\'e}vy flights},
	author={Yang, Xin-She and Deb, Suash},
	booktitle={2009 World congress on nature \& biologically inspired computing (NaBIC)},
	pages={210--214},
	year={2009},
	organization={Ieee}
}

@Article{mirjalili2015ant,
	author    = {Mirjalili, Seyedali},
	journal   = {Advances in engineering software},
	title     = {The ant lion optimizer},
	year      = {2015},
	pages     = {80--98},
	volume    = {83},
	doi       = {10.1016/j.advengsoft.2015.01.010},
	publisher = {Elsevier},
}

@Article{mirjalili2016sca,
	author    = {Mirjalili, Seyedali},
	journal   = {Knowledge-based systems},
	title     = {SCA: a sine cosine algorithm for solving optimization problems},
	year      = {2016},
	pages     = {120--133},
	volume    = {96},
	doi       = {10.1016/j.knosys.2015.12.022},
	publisher = {Elsevier},
}

@Article{kiran2015tsa,
	author    = {Kiran, Mustafa Servet},
	journal   = {Expert Systems with Applications},
	title     = {TSA: Tree-seed algorithm for continuous optimization},
	year      = {2015},
	number    = {19},
	pages     = {6686--6698},
	volume    = {42},
	doi       = {10.1016/j.eswa.2015.04.055},
	publisher = {Elsevier},
}

@Article{hosseinabadi2017new,
	author    = {Hosseinabadi, Ali Asghar Rahmani and Rostami, Najmeh Sadat Hosseini and Kardgar, Maryam and Mirkamali, Seyedsaeid and Abraham, Ajith},
	journal   = {Applied Mathematical Modelling},
	title     = {A new efficient approach for solving the capacitated vehicle routing problem using the gravitational emulation local search algorithm},
	year      = {2017},
	pages     = {663--679},
	volume    = {49},
	doi       = {10.1016/j.apm.2017.02.042},
	publisher = {Elsevier},
}

@Article{kaveh2012new,
	author    = {Kaveh, A and Khayatazad, M},
	journal   = {Computers \& structures},
	title     = {A new meta-heuristic method: ray optimization},
	year      = {2012},
	pages     = {283--294},
	volume    = {112},
	doi       = {10.1016/j.compstruc.2012.09.003},
	publisher = {Elsevier},
}

@Article{kashan2015new,
	author    = {Kashan, Ali Husseinzadeh},
	journal   = {Computers \& Operations Research},
	title     = {A new metaheuristic for optimization: optics inspired optimization (OIO)},
	year      = {2015},
	pages     = {99--125},
	volume    = {55},
	doi       = {10.1016/j.cor.2014.10.011},
	publisher = {Elsevier},
}

@Article{yadav2019aefa,
	author    = {Yadav, Anupam and others},
	journal   = {Swarm and Evolutionary Computation},
	title     = {AEFA: Artificial electric field algorithm for global optimization},
	year      = {2019},
	pages     = {93--108},
	volume    = {48},
	doi       = {10.1016/j.swevo.2019.03.013},
	publisher = {Elsevier},
}

@Article{azizi2023energy,
	author    = {Azizi, Mahdi and Aickelin, Uwe and A. Khorshidi, Hadi and Baghalzadeh Shishehgarkhaneh, Milad},
	journal   = {Scientific Reports},
	title     = {Energy valley optimizer: a novel metaheuristic algorithm for global and engineering optimization},
	year      = {2023},
	number    = {1},
	pages     = {226},
	volume    = {13},
	doi       = {10.1038/s41598-022-27344-y},
	publisher = {Nature Publishing Group UK London},
}

@Article{zhao2019atom,
	author    = {Zhao, Weiguo and Wang, Liying and Zhang, Zhenxing},
	journal   = {Knowledge-Based Systems},
	title     = {Atom search optimization and its application to solve a hydrogeologic parameter estimation problem},
	year      = {2019},
	pages     = {283--304},
	volume    = {163},
	doi       = {10.1016/j.knosys.2018.08.030},
	publisher = {Elsevier},
}

@Article{ahmadianfar2020gradient,
	author    = {Ahmadianfar, Iman and Bozorg-Haddad, Omid and Chu, Xuefeng},
	journal   = {Information Sciences},
	title     = {Gradient-based optimizer: A new metaheuristic optimization algorithm},
	year      = {2020},
	pages     = {131--159},
	volume    = {540},
	doi       = {10.1016/j.ins.2020.06.037},
	publisher = {Elsevier},
}

@Article{abualigah2021arithmetic,
	author    = {Abualigah, Laith and Diabat, Ali and Mirjalili, Seyedali and Abd Elaziz, Mohamed and Gandomi, Amir H},
	journal   = {Computer methods in applied mechanics and engineering},
	title     = {The arithmetic optimization algorithm},
	year      = {2021},
	pages     = {113609},
	volume    = {376},
	doi       = {10.1016/j.cma.2020.113609},
	publisher = {Elsevier},
}


@Article{cuevas2013swarm,
	author    = {Cuevas, Erik and Cienfuegos, Miguel and Zald{\'\i}var, Daniel and P{\'e}rez-Cisneros, Marco},
	journal   = {Expert Systems with Applications},
	title     = {A swarm optimization algorithm inspired in the behavior of the social-spider},
	year      = {2013},
	number    = {16},
	pages     = {6374--6384},
	volume    = {40},
	doi       = {10.1016/j.eswa.2013.05.041},
	publisher = {Elsevier},
}

@Article{askarzadeh2014bird,
	author    = {Askarzadeh, Alireza},
	journal   = {Communications in Nonlinear Science and Numerical Simulation},
	title     = {Bird mating optimizer: an optimization algorithm inspired by bird mating strategies},
	year      = {2014},
	number    = {4},
	pages     = {1213--1228},
	volume    = {19},
	doi       = {10.1016/j.cnsns.2013.08.027},
	publisher = {Elsevier},
}

@Article{meraihi2021grasshopper,
	author    = {Meraihi, Yassine and Gabis, Asma Benmessaoud and Mirjalili, Seyedali and Ramdane-Cherif, Amar},
	journal   = {Ieee Access},
	title     = {Grasshopper optimization algorithm: theory, variants, and applications},
	year      = {2021},
	pages     = {50001--50024},
	volume    = {9},
	doi       = {10.1109/access.2021.3067597},
	publisher = {IEEE},
}

@Article{mirjalili2016whale,
	author    = {Mirjalili, Seyedali and Lewis, Andrew},
	journal   = {Advances in engineering software},
	title     = {The whale optimization algorithm},
	year      = {2016},
	pages     = {51--67},
	volume    = {95},
	doi       = {10.1016/j.advengsoft.2016.01.008},
	publisher = {Elsevier},
}



@Article{heidari2019harris,
	author    = {Heidari, Ali Asghar and Mirjalili, Seyedali and Faris, Hossam and Aljarah, Ibrahim and Mafarja, Majdi and Chen, Huiling},
	journal   = {Future generation computer systems},
	title     = {Harris hawks optimization: Algorithm and applications},
	year      = {2019},
	pages     = {849--872},
	volume    = {97},
	doi       = {10.1016/j.future.2019.02.028},
	publisher = {Elsevier},
}

@Article{faramarzi2020marine,
	author    = {Faramarzi, Afshin and Heidarinejad, Mohammad and Mirjalili, Seyedali and Gandomi, Amir H},
	journal   = {Expert systems with applications},
	title     = {Marine Predators Algorithm: A nature-inspired metaheuristic},
	year      = {2020},
	pages     = {113377},
	volume    = {152},
	doi       = {10.1016/j.eswa.2020.113377},
	publisher = {Elsevier},
}

@Article{abdollahzadeh2021artificial,
	author    = {Abdollahzadeh, Benyamin and Soleimanian Gharehchopogh, Farhad and Mirjalili, Seyedali},
	journal   = {International Journal of Intelligent Systems},
	title     = {Artificial gorilla troops optimizer: a new nature-inspired metaheuristic algorithm for global optimization problems},
	year      = {2021},
	number    = {10},
	pages     = {5887--5958},
	volume    = {36},
	doi       = {10.1002/int.22535},
	publisher = {Wiley Online Library},
}

@Article{abdollahzadeh2021african,
	author    = {Abdollahzadeh, Benyamin and Gharehchopogh, Farhad Soleimanian and Mirjalili, Seyedali},
	journal   = {Computers \& Industrial Engineering},
	title     = {African vultures optimization algorithm: A new nature-inspired metaheuristic algorithm for global optimization problems},
	year      = {2021},
	pages     = {107408},
	volume    = {158},
	doi       = {10.1016/j.cie.2021.107408},
	publisher = {Elsevier},
}

@Article{jafari2021elephant,
	author    = {Jafari, Malihe and Salajegheh, Eysa and Salajegheh, Javad},
	journal   = {Applied Soft Computing},
	title     = {Elephant clan optimization: A nature-inspired metaheuristic algorithm for the optimal design of structures},
	year      = {2021},
	pages     = {107892},
	volume    = {113},
	doi       = {10.1016/j.asoc.2021.107892},
	publisher = {Elsevier},
}

@Article{hashim2022honey,
	author    = {Hashim, Fatma A and Houssein, Essam H and Hussain, Kashif and Mabrouk, Mai S and Al-Atabany, Walid},
	journal   = {Mathematics and Computers in Simulation},
	title     = {Honey Badger Algorithm: New metaheuristic algorithm for solving optimization problems},
	year      = {2022},
	pages     = {84--110},
	volume    = {192},
	doi       = {10.1016/j.matcom.2021.08.013},
	publisher = {Elsevier},
}

@Article{pan2012new,
	author    = {Pan, Wen-Tsao},
	journal   = {Knowledge-Based Systems},
	title     = {A new fruit fly optimization algorithm: taking the financial distress model as an example},
	year      = {2012},
	pages     = {69--74},
	volume    = {26},
	doi       = {10.1016/j.knosys.2011.07.001},
	publisher = {Elsevier},
}


@Article{das2010differential,
	author    = {Das, Swagatam and Suganthan, Ponnuthurai Nagaratnam},
	journal   = {IEEE transactions on evolutionary computation},
	title     = {Differential evolution: A survey of the state-of-the-art},
	year      = {2010},
	number    = {1},
	pages     = {4--31},
	volume    = {15},
	doi       = {10.1109/tevc.2010.2059031},
	publisher = {IEEE},
}

@Article{marinaki2016glowworm,
	author    = {Marinaki, Magdalene and Marinakis, Yannis},
	journal   = {Expert Systems with Applications},
	title     = {A glowworm swarm optimization algorithm for the vehicle routing problem with stochastic demands},
	year      = {2016},
	pages     = {145--163},
	volume    = {46},
	doi       = {10.1016/j.eswa.2015.10.012},
	publisher = {Elsevier},
}

@Article{james2015social,
	author    = {James, JQ and Li, Victor OK},
	journal   = {Applied soft computing},
	title     = {A social spider algorithm for global optimization},
	year      = {2015},
	pages     = {614--627},
	volume    = {30},
	doi       = {10.1016/j.asoc.2015.02.014},
	publisher = {Elsevier},
}


@article{rahkar2021battle,
	title={Battle royale optimization algorithm},
	author={Rahkar Farshi, Taymaz},
	journal={Neural Computing and Applications},
	volume={33},
	number={4},
	pages={1139--1157},
	year={2021},
	publisher={Springer}
}

@Article{shehadeh2023chernobyl,
	author    = {Shehadeh, Hisham A},
	journal   = {Neural Computing and Applications},
	title     = {Chernobyl disaster optimizer (CDO): a novel meta-heuristic method for global optimization},
	year      = {2023},
	number    = {15},
	pages     = {10733--10749},
	volume    = {35},
	doi       = {10.1007/s00521-023-08261-1},
	publisher = {Springer},
}

@Article{wei2019nuclear,
	author    = {Wei, Zhenglei and Huang, Changqiang and Wang, Xiaofei and Han, Tong and Li, Yintong},
	journal   = {IEEE Access},
	title     = {Nuclear reaction optimization: A novel and powerful physics-based algorithm for global optimization},
	year      = {2019},
	pages     = {66084--66109},
	volume    = {7},
	doi       = {10.1109/access.2019.2918406},
	publisher = {IEEE},
}



@Article{cheng2014symbiotic,
	author    = {Cheng, Min-Yuan and Prayogo, Doddy},
	journal   = {Computers \& Structures},
	title     = {Symbiotic organisms search: a new metaheuristic optimization algorithm},
	year      = {2014},
	pages     = {98--112},
	volume    = {139},
	doi       = {10.1016/j.compstruc.2014.03.007},
	publisher = {Elsevier},
}

@Article{wang2018earthworm,
	author    = {Wang, Gai-Ge and Deb, Suash and Coelho, Leandro Dos Santos},
	journal   = {International journal of bio-inspired computation},
	title     = {Earthworm optimisation algorithm: a bio-inspired metaheuristic algorithm for global optimisation problems},
	year      = {2018},
	number    = {1},
	pages     = {1--22},
	volume    = {12},
	doi       = {10.1504/ijbic.2018.093328},
	publisher = {Inderscience Publishers (IEL)},
}

@Article{trojovsky2022pelican,
	author    = {Trojovsk{\`y}, Pavel and Dehghani, Mohammad},
	journal   = {Sensors},
	title     = {Pelican optimization algorithm: A novel nature-inspired algorithm for engineering applications},
	year      = {2022},
	number    = {3},
	pages     = {855},
	volume    = {22},
	doi       = {10.3390/s22030855},
	publisher = {MDPI},
}

@Article{amali2019wildebeest,
	author    = {Amali, D and Dinakaran, M},
	journal   = {Journal of Intelligent \& Fuzzy Systems},
	title     = {Wildebeest herd optimization: a new global optimization algorithm inspired by wildebeest herding behaviour},
	year      = {2019},
	number    = {6},
	pages     = {8063--8076},
	volume    = {37},
	doi       = {10.3233/jifs-190495},
	publisher = {IOS Press},
}

@InProceedings{goel2014pigeon,
	author       = {Goel, Shruti},
	booktitle    = {2014 International Conference on Data Mining and Intelligent Computing (ICDMIC)},
	title        = {Pigeon optimization algorithm: A novel approach for solving optimization problems},
	year         = {2014},
	organization = {IEEE},
	pages        = {1--5},
	doi          = {10.1109/icdmic.2014.6954259},
}


%-------------------------------------------------------
@Article{abdipoor2023meta,
	author    = {Abdipoor, Sina and Yaakob, Razali and Goh, Say Leng and Abdullah, Salwani},
	journal   = {Intelligent Systems with Applications},
	title     = {Meta-heuristic approaches for the University Course Timetabling Problem},
	year      = {2023},
	pages     = {200253},
	doi       = {10.1016/j.iswa.2023.200253},
	publisher = {Elsevier},
}


@Article{reddy2022review,
	author    = {Reddy, Kumeshan and Saha, Akshay K},
	journal   = {Heliyon},
	title     = {A review of swarm-based metaheuristic optimization techniques and their application to doubly fed induction generator},
	year      = {2022},
	number    = {10},
	volume    = {8},
	doi       = {10.1016/j.heliyon.2022.e10956},
	publisher = {Elsevier},
}



@Article{dehghani2022new,
	author    = {Dehghani, Mohammad and Trojovsk{\'a}, Eva and Zu{\v{s}}{\v{c}}{\'a}k, Tom{\'a}{\v{s}}},
	journal   = {Scientific Reports},
	title     = {A new human-inspired metaheuristic algorithm for solving optimization problems based on mimicking sewing training},
	year      = {2022},
	number    = {1},
	pages     = {17387},
	volume    = {12},
	doi       = {10.21203/rs.3.rs-2037953/v1},
	publisher = {Nature Publishing Group UK London},
}

@Article{fister2013comprehensive,
	author    = {Fister, Iztok and Fister Jr, Iztok and Yang, Xin-She and Brest, Janez},
	journal   = {Swarm and evolutionary computation},
	title     = {A comprehensive review of firefly algorithms},
	year      = {2013},
	pages     = {34--46},
	volume    = {13},
	doi       = {10.1016/j.swevo.2013.06.001},
	publisher = {Elsevier},
}

@Article{wolpert1997no,
	author    = {Wolpert, David H and Macready, William G},
	journal   = {IEEE transactions on evolutionary computation},
	title     = {No free lunch theorems for optimization},
	year      = {1997},
	number    = {1},
	pages     = {67--82},
	volume    = {1},
	doi       = {10.1109/4235.585893},
	publisher = {IEEE},
}


@article{abdel2019flower,
	title={Flower pollination algorithm: a comprehensive review},
	author={Abdel-Basset, Mohamed and Shawky, Laila A},
	journal={Artificial Intelligence Review},
	volume={52},
	pages={2533--2557},
	year={2019},
	publisher={Springer}
}

@Article{ayyarao2022war,
	author    = {Ayyarao, Tummala SLV and Ramakrishna, NSS and Elavarasan, Rajvikram Madurai and Polumahanthi, Nishanth and Rambabu, M and Saini, Gaurav and Khan, Baseem and Alatas, Bilal},
	journal   = {IEEE Access},
	title     = {War strategy optimization algorithm: a new effective metaheuristic algorithm for global optimization},
	year      = {2022},
	pages     = {25073--25105},
	volume    = {10},
	doi       = {10.1109/access.2022.3153493},
	publisher = {IEEE},
}

@Article{eskandar2012water,
	author    = {Eskandar, Hadi and Sadollah, Ali and Bahreininejad, Ardeshir and Hamdi, Mohd},
	journal   = {Computers \& Structures},
	title     = {Water cycle algorithm--A novel metaheuristic optimization method for solving constrained engineering optimization problems},
	year      = {2012},
	pages     = {151--166},
	volume    = {110},
	doi       = {10.1016/j.compstruc.2012.07.010},
	publisher = {Elsevier},
}

@article{zhao2020artificial,
	title={Artificial ecosystem-based optimization: a novel nature-inspired meta-heuristic algorithm},
	author={Zhao, Weiguo and Wang, Liying and Zhang, Zhenxing},
	journal={Neural Computing and Applications},
	volume={32},
	pages={9383--9425},
	year={2020},
	publisher={Springer}
}

@Article{zhang2018queuing,
	author    = {Zhang, Jinhao and Xiao, Mi and Gao, Liang and Pan, Quanke},
	journal   = {Applied Mathematical Modelling},
	title     = {Queuing search algorithm: A novel metaheuristic algorithm for solving engineering optimization problems},
	year      = {2018},
	pages     = {464--490},
	volume    = {63},
	doi       = {10.1016/j.apm.2018.06.036},
	publisher = {Elsevier},
}

@Article{li2020slime,
	author    = {Li, Shimin and Chen, Huiling and Wang, Mingjing and Heidari, Ali Asghar and Mirjalili, Seyedali},
	journal   = {Future Generation Computer Systems},
	title     = {Slime mould algorithm: A new method for stochastic optimization},
	year      = {2020},
	pages     = {300--323},
	volume    = {111},
	doi       = {10.1016/j.future.2020.03.055},
	publisher = {Elsevier},
}

@Article{li2016novel,
	author    = {Li, Mu Dong and Zhao, Hui and Weng, Xing Wei and Han, Tong},
	journal   = {Advances in engineering software},
	title     = {A novel nature-inspired algorithm for optimization: Virus colony search},
	year      = {2016},
	pages     = {65--88},
	volume    = {92},
	doi       = {10.1016/j.advengsoft.2015.11.004},
	publisher = {Elsevier},
}

@Article{akan2022battle,
	author    = {Akan, Taymaz and Agahian, Saeid and Dehkharghani, Rahim},
	journal   = {Software Impacts},
	title     = {Battle Royale Optimizer for solving binary optimization problems},
	year      = {2022},
	pages     = {100274},
	volume    = {12},
	doi       = {10.1016/j.simpa.2022.100274},
	publisher = {Elsevier},
}

@Article{rashedi2009gsa,
	author    = {Rashedi, Esmat and Nezamabadi-Pour, Hossein and Saryazdi, Saeid},
	journal   = {Information sciences},
	title     = {GSA: a gravitational search algorithm},
	year      = {2009},
	number    = {13},
	pages     = {2232--2248},
	volume    = {179},
	doi       = {10.1016/j.ins.2009.03.004},
	publisher = {Elsevier},
}

@Article{abdel2018metaheuristic,
	author    = {Abdel-Basset, Mohamed and Abdel-Fatah, Laila and Sangaiah, Arun Kumar},
	journal   = {Computational intelligence for multimedia big data on the cloud with engineering applications},
	title     = {Metaheuristic algorithms: A comprehensive review},
	year      = {2018},
	pages     = {185--231},
	doi       = {10.1016/b978-0-12-813314-9.00010-4},
	publisher = {Elsevier},
}


@Article{chebii2020genome,
	author    = {Chebii, Vivien J and Oyola, Samuel O and Kotze, Antoinette and Domelevo Entfellner, Jean-Baka and Musembi Mutuku, J and Agaba, Morris},
	journal   = {Animals},
	title     = {Genome-wide analysis of Nubian ibex reveals candidate positively selected genes that contribute to its adaptation to the desert environment},
	year      = {2020},
	number    = {11},
	pages     = {2181},
	volume    = {10},
	doi       = {10.3390/ani10112181},
	publisher = {MDPI},
}

@Article{chebii2021genome,
	author    = {Chebii, Vivien J and Mpolya, Emmanuel A and Oyola, Samuel O and Kotze, Antoinette and Entfellner, Jean-Baka Domelevo and Mutuku, J Musembi},
	journal   = {Journal of Molecular Evolution},
	title     = {Genome scan for variable genes involved in environmental adaptations of Nubian ibex},
	year      = {2021},
	number    = {7},
	pages     = {448--457},
	volume    = {89},
	doi       = {10.1007/s00239-021-10015-3},
	publisher = {Springer},
}

@article{abualigah2021group,
	title={Group search optimizer: a nature-inspired meta-heuristic optimization algorithm with its results, variants, and applications},
	author={Abualigah, Laith},
	journal={Neural Computing and Applications},
	volume={33},
	number={7},
	pages={2949--2972},
	year={2021},
	publisher={Springer}
}

@Article{han2021different,
	author    = {Han, Lei and Wang, Zhi and Blank, David and Wang, Muyang and Yang, Weikang},
	journal   = {Scientific reports},
	title     = {Different environmental requirements of female and male Siberian ibex, Capra sibirica},
	year      = {2021},
	number    = {1},
	pages     = {6064},
	volume    = {11},
	doi       = {10.1038/s41598-021-85550-6},
	publisher = {Nature Publishing Group UK London},
}

@Article{rai2022human,
	author    = {Rai, Rebika and Das, Arunita and Ray, Swarnajit and Dhal, Krishna Gopal},
	journal   = {Archives of Computational Methods in Engineering},
	title     = {Human-inspired optimization algorithms: Theoretical foundations, algorithms, open-research issues and application for multi-level thresholding},
	year      = {2022},
	number    = {7},
	pages     = {5313--5352},
	volume    = {29},
	doi       = {10.1007/s11831-022-09766-z},
	publisher = {Springer},
}

@Article{bio2023Zoran,
	AUTHOR = {Jakšić, Zoran and Devi, Swagata and Jakšić, Olga and Guha, Koushik},
	TITLE = {A Comprehensive Review of Bio-Inspired Optimization Algorithms Including Applications in Microelectronics and Nanophotonics},
	JOURNAL = {Biomimetics},
	VOLUME = {8},
	YEAR = {2023},
	NUMBER = {3},
	ARTICLE-NUMBER = {278},
	PubMedID = {37504166},
	ISSN = {2313-7673},
	DOI = {10.3390/biomimetics8030278}
}

@article{tichon2023population,
	title={Population dynamics and the effect of drought in the threatened Nubian ibex},
	author={Tichon, Jonathan and Freiman, Elyasaf and Spiegel, Orr and Baruchi, Erez and Atar, Aviam and Lapid, Roi and King, Roni and Bar-David, Shirli and Saltz, David},
	journal={Wildlife Society Bulletin},
	volume={47},
	number={1},
	pages={e1397},
	year={2023},
	publisher={Wiley Online Library}
}


@book{arora2004introduction,
	title={Introduction to optimum design},
	author={Arora, Jasbir Singh},
	year={2004},
	publisher={Elsevier}
}

@Article{belegundu1985study,
	author    = {Belegundu, Ashok D and Arora, Jasbir S},
	journal   = {International Journal for Numerical Methods in Engineering},
	title     = {A study of mathematical programming methods for structural optimization. Part I: Theory},
	year      = {1985},
	number    = {9},
	pages     = {1583--1599},
	volume    = {21},
	doi       = {10.1002/nme.1620210904},
	publisher = {Wiley Online Library},
}

@article{COELLOCOELLO2002193,
	title = {Constraint-handling in genetic algorithms through the use of dominance-based tournament selection},
	journal = {Advanced Engineering Informatics},
	volume = {16},
	number = {3},
	pages = {193-203},
	year = {2002},
	issn = {1474-0346},
	doi = {https://doi.org/10.1016/S1474-0346(02)00011-3},
	author = {Carlos A. {Coello Coello} and Efrén {Mezura Montes}}
}


@article{Abualigah2021Aquila,
	title = {Aquila Optimizer: A novel meta-heuristic optimization algorithm},
	journal = {Computers \& Industrial Engineering},
	volume = {157},
	pages = {107250},
	year = {2021},
	issn = {0360-8352},
	doi = {https://doi.org/10.1016/j.cie.2021.107250},
	author = {Laith Abualigah and Dalia Yousri and Mohamed {Abd Elaziz} and Ahmed A. Ewees and Mohammed A.A. Al-qaness and Amir H. Gandomi}
}

@book{kaveh2017applications,
	title={Applications of metaheuristic optimization algorithms in civil engineering},
	author={Kaveh, Ali},
	year={2017},
	publisher={Springer}
}
@article{egea2014meigo,
	title={MEIGO: an open-source software suite based on metaheuristics for global optimization in systems biology and bioinformatics},
	author={Egea, Jose A and Henriques, David and Cokelaer, Thomas and Villaverde, Alejandro F and MacNamara, Aidan and Danciu, Diana-Patricia and Banga, Julio R and Saez-Rodriguez, Julio},
	journal={BMC bioinformatics},
	volume={15},
	pages={1--9},
	year={2014},
	publisher={Springer}
}
@article{gholizadeh2022modelling,
	title={Modelling uncertainty in sustainable-green integrated reverse logistics network using metaheuristics optimization},
	author={Gholizadeh, Hadi and Goh, Mark and Fazlollahtabar, Hamed and Mamashli, Zakie},
	journal={Computers \& Industrial Engineering},
	volume={163},
	pages={107828},
	year={2022},
	publisher={Elsevier}
}
@article{whig2023leveraging,
	title={Leveraging Meta-Heuristics in Improving Health Care Delivery: A Comprehensive Overview},
	author={Whig, Pawan and Kouser, Shama and Bhatia, Ashima Bhatnagar and Nadikattu, Rahul Reddy and Alkali, Yusuf Jibrin},
	journal={Nature-Inspired Methods for Smart Healthcare Systems and Medical Data},
	pages={149--168},
	year={2023},
	publisher={Springer}
}

@article{akay2022comprehensive,
	title={A comprehensive survey on optimizing deep learning models by metaheuristics},
	author={Akay, Bahriye and Karaboga, Dervis and Akay, Rustu},
	journal={Artificial Intelligence Review},
	volume={55},
	number={2},
	pages={829--894},
	year={2022},
	publisher={Springer}
}

@article{sadeghi2019new,
	title={New approaches in metaheuristics to solve the fixed charge transportation problem in a fuzzy environment},
	author={Sadeghi-Moghaddam, Samira and Hajiaghaei-Keshteli, Mostafa and Mahmoodjanloo, Mehdi},
	journal={Neural computing and applications},
	volume={31},
	number={Suppl 1},
	pages={477--497},
	year={2019},
	publisher={Springer}
}
@article{soler2017survey,
	title={A survey on financial applications of metaheuristics},
	author={Soler-Dominguez, Amparo and Juan, Angel A and Kizys, Renatas},
	journal={ACM Computing Surveys (CSUR)},
	volume={50},
	number={1},
	pages={1--23},
	year={2017},
	publisher={ACM New York, NY, USA}
}